@article{DuBois2013,
author = {DuBois, Timothy C. and Per, Manolo C. and Russo, Salvy P. and Cole, Jared H.},
doi = {10.1103/PhysRevLett.110.077002},
file = {:C$\backslash$:/Users/Genesis/ownCloud/Mendeley/DuBois et al., Physical Review Letters, 2013(2).pdf:pdf},
issn = {0031-9007},
journal = {Physical Review Letters},
month = feb,
number = {7},
pages = {077002},
title = {{Delocalized Oxygen as the Origin of Two-Level Defects in Josephson Junctions}},
volume = {110},
year = {2013}
}
